@book{deitel1993,
  author    = {Paul Deitel and Harvey Deitel},
  title     = {Java: Como Programar},
  year      = {1993},
  publisher = {Pearson}
}

@misc{guanabaraJava,
  author = {Gustavo Guanabara},
  title = {Curso de Java para Iniciantes},
  howpublished = {\url{https://www.youtube.com/playlist?list=PLHz_AreHm4dkI2ZdjTwZA4mPMxWTfNSpR}},
  note = {Curso em v√≠deo},
  year = {2015}
}

@misc{geeksforgeeksSwing,
  author = {{Geeks for Geeks}},
  title = {Introduction to Java Swing},
  howpublished = {\url{https://www.geeksforgeeks.org/java-swing/}},
  note = {Acessado em jun. 2025}
}
